<record><leader>00000cas a2200000 a 4500</leader><controlfield tag="001">19486904</controlfield><controlfield tag="008">890403d193019uuiluwr ne      0    0ukr c</controlfield><datafield ind1=" " ind2=" " tag="010"><subfield code="a">sn 89070017 </subfield></datafield><datafield ind1=" " ind2=" " tag="040"><subfield code="a">YOX</subfield><subfield code="b">eng</subfield><subfield code="c">YOX</subfield><subfield code="d">NVF</subfield><subfield code="d">OCLCQ</subfield><subfield code="d">OCLCF</subfield><subfield code="d">OCLCO</subfield></datafield><datafield ind1="0" ind2=" " tag="041"><subfield code="a">ukreng</subfield></datafield><datafield ind1=" " ind2=" " tag="042"><subfield code="a">pcc</subfield></datafield><datafield ind1=" " ind2=" " tag="043"><subfield code="a">n-us---</subfield><subfield code="a">n-us-il</subfield></datafield><datafield ind1="0" ind2=" " tag="130"><subfield code="a">Ukrai&#776;na (Chicago, Ill. : 1930)</subfield></datafield><datafield ind1="1" ind2="0" tag="245"><subfield code="a">Ukrai&#776;na =</subfield><subfield code="b">Ukrainia.</subfield></datafield><datafield ind1="3" ind2="1" tag="246"><subfield code="a">Ukrainia</subfield></datafield><datafield ind1=" " ind2=" " tag="260"><subfield code="a">Chicago, Ill. :</subfield><subfield code="b">Victory Pub. Co.</subfield></datafield><datafield ind1=" " ind2=" " tag="300"><subfield code="a">v.</subfield></datafield><datafield ind1=" " ind2=" " tag="310"><subfield code="a">Weekly</subfield></datafield><datafield ind1="1" ind2=" " tag="362"><subfield code="a">Began in 1930.</subfield></datafield><datafield ind1=" " ind2=" " tag="530"><subfield code="a">Also issued on microfilm from the New York Public Library.</subfield></datafield><datafield ind1=" " ind2=" " tag="546"><subfield code="a">In Ukrainian with some English.</subfield></datafield><datafield ind1=" " ind2=" " tag="588"><subfield code="a">Description based on: Vol. 1, no. 24 (Nov. 21, 1930).</subfield></datafield><datafield ind1=" " ind2="0" tag="650"><subfield code="a">Ukrainians</subfield><subfield code="z">United States</subfield><subfield code="v">Newspapers.</subfield></datafield><datafield ind1=" " ind2="0" tag="650"><subfield code="a">Ukrainian Americans</subfield><subfield code="v">Newspapers.</subfield></datafield><datafield ind1=" " ind2="0" tag="651"><subfield code="a">Chicago (Ill.)</subfield><subfield code="v">Newspapers.</subfield></datafield><datafield ind1=" " ind2="7" tag="655"><subfield code="a">Newspapers.</subfield><subfield code="2">fast</subfield><subfield code="0">(OCoLC)fst01423814</subfield></datafield><datafield ind1=" " ind2="7" tag="650"><subfield code="a">Ukrainian Americans.</subfield><subfield code="2">fast</subfield><subfield code="0">(OCoLC)fst01160424</subfield></datafield><datafield ind1=" " ind2="7" tag="650"><subfield code="a">Ukrainians.</subfield><subfield code="2">fast</subfield><subfield code="0">(OCoLC)fst01160566</subfield></datafield><datafield ind1=" " ind2="7" tag="651"><subfield code="a">Illinois</subfield><subfield code="z">Chicago.</subfield><subfield code="2">fast</subfield><subfield code="0">(OCoLC)fst01204048</subfield></datafield><datafield ind1=" " ind2="7" tag="651"><subfield code="a">United States.</subfield><subfield code="2">fast</subfield><subfield code="0">(OCoLC)fst01204155</subfield></datafield><datafield ind1=" " ind2=" " tag="752"><subfield code="a">United States</subfield><subfield code="b">Illinois</subfield><subfield code="c">Cook</subfield><subfield code="d">Chicago.</subfield></datafield></record>